@article{gillespie2007stochastic,
  title={Stochastic simulation of chemical kinetics},
  author={Gillespie, Daniel T and others},
  journal={Annual review of physical chemistry},
  volume={58},
  number={1},
  pages={35--55},
  year={2007}
}

@book{lanchier2017stochastic,
  title={Stochastic modeling},
  author={Lanchier, Nicolas},
  year={2017},
  publisher={Springer}
}
